<?xml version="1.0" encoding="UTF-8"?><collection xmlns="http://www.loc.gov/MARC21/slim"><record><leader>00333nam--2200133-i-4500</leader><controlfield tag="001">000044517</controlfield><controlfield tag="002">20161230</controlfield><controlfield tag="005">20161230201044</controlfield><controlfield tag="008">060222s1000------------r-----000-0-eng-d</controlfield><datafield ind1=" " ind2=" " tag="080"><subfield code="a">77.02</subfield></datafield><datafield ind1=" " ind2=" " tag="245"><subfield code="a">The theory of the photographic process</subfield></datafield><datafield ind1=" " ind2=" " tag="260"><subfield code="a">New York, The Macmillan Co., 1966, Xi+591p</subfield></datafield><datafield ind1=" " ind2=" " tag="700"><subfield code="a">James,T.H</subfield></datafield><datafield ind1=" " ind2=" " tag="852"><subfield code="a">25704</subfield></datafield></record></collection>